@article{chen11,
    title = "A systematic review of evaluation of variability management approaches in software product lines",
    journal = "Information and Software Technology",
    volume = "53",
    number = "4",
    pages = "344 - 362",
    year = "2011",
    note = "Special section: Software Engineering track of the 24th Annual Symposium on Applied Computing",
    issn = "0950-5849",
    author = "Lianping Chen and Muhammad Ali Babar",
    keywords = "Software product line, Variability management, Systematic literature reviews, Empirical studies"
}

@misc{moreira2018special,
  title={A Special Issue on Disruption of higher education in the 21st century due to ICTs},
  author={Moreira, Fernando and Rocha, {\'A}lvaro},
  year={2018},
  publisher={Elsevier}
}


@article{JABANGWE201898,
title = "Software engineering process models for mobile app development: A systematic literature review",
journal = "Journal of Systems and Software",
volume = "145",
pages = "98 - 111",
year = "2018",
author = "Ronald Jabangwe and Henry Edison and Anh Nguyen Duc"
}

@incollection{gmelin2018sustainability,
  title={Sustainability and New Product Development: Five Exploratory Case Studies in the Automotive Industry},
  author={Gmelin, Harald and Seuring, Stefan},
  booktitle={Social and Environmental Dimensions of Organizations and Supply Chains},
  pages={211--232},
  year={2018},
  publisher={Springer}
}
@book{capilla13,
    author = {Capilla, Rafael and Bosch, Jan and Kang, Kyo-Chul},
    title = {Systems and Software Variability Management: Concepts, Tools and Experiences},
    year = {2013},
    isbn = {3642365825, 9783642365829},
    publisher = {Springer Publishing Company, Incorporated}
} 

@book{bockle05,
    author = {Pohl, Klaus and B\"{o}ckle, G\"{u}nter and Linden, Frank J. van der},
    title = {Software Product Line Engineering: Foundations, Principles and Techniques},
    year = {2005},
    isbn = {3540243720},
    publisher = {Springer-Verlag New York, Inc.},
    address = {Secaucus, NJ, USA}
}

@book{vanderlinden07,
    author = {Linden, Frank J. van der and Schmid, Klaus and Rommes, Eelco},
    title = {Software Product Lines in Action: The Best Industrial Practice in Product Line Engineering},
    year = {2007},
    isbn = {3540714367},
    publisher = {Springer-Verlag New York, Inc.},
    address = {Secaucus, NJ, USA}
} 

@ARTICLE{galster2014, 
    author={M. Galster and D. Weyns and D. Tofan and B. Michalik and P. Avgeriou}, 
    journal={IEEE Transactions on Software Engineering}, 
    title={Variability in Software Systems: A Systematic Literature Review}, 
    year={2014}, 
    volume={40}, 
    number={3}, 
    pages={282-306}, 
    ISSN={0098-5589}, 
    month={March}
}

@MISC{west12,
    author = {Mark West},
    title = {Mobile Learning for Teachers: Global Themes},
    month = {April},
    year = {2012},
    url = {http://unesdoc.unesco.org/images/0021/002164/216452E.pdf}
}

@misc{kukulska05,
    author = {Agnes Kukulska-Hulme and John Traxler},
    title = {Mobile learning: a handbook for educators and trainers},
    address = {London, UK},
    publisher = {Routledge},
    year = {2005},
    series = {Open and Flexible Learning Series},
    url = {http://oro.open.ac.uk/6109/}
}

@ARTICLE{lane10, 
    author={N. D. Lane and E. Miluzzo and H. Lu and D. Peebles and T. Choudhury and A. T. Campbell}, 
    journal={IEEE Communications Magazine}, 
    title={A survey of mobile phone sensing}, 
    year={2010}, 
    volume={48}, 
    number={9}, 
    pages={140-150}, 
    ISSN={0163-6804}, 
    month={Sept}
}

@INPROCEEDINGS{picek13, 
    author={R. Picek and M. Grčić}, 
    booktitle={Proceedings of the ITI 2013 35th International Conference on Information Technology Interfaces}, 
    title={Evaluation of the potential use of m-learning in higher education}, 
    year={2013}, 
    volume={}, 
    number={}, 
    pages={63-68}, 
    doi={10.2498/iti.2013.0583}, 
    ISSN={1334-2762}, 
    month={June}
}

@INPROCEEDINGS{fazlina13, 
    author={S. Fazlina and A. A. Manap and R. M. Rias}, 
    booktitle={2013 International Conference on Informatics and Creative Multimedia}, 
    title={Mobile Learning Awareness among Students at Higher Learning Institutes: A Case Study}, 
    year={2013}, 
    volume={}, 
    number={}, 
    pages={226-229},
    ISSN={}, 
    month={Sept}
}

@INPROCEEDINGS{bezerra09, 
    author={Y. M. Bezerra and T. A. B. Pereira and G. E. da Silveira}, 
    booktitle={2009 Sixth International Conference on Information Technology: New Generations}, 
    title={A Systematic Review of Software Product Lines Applied to Mobile Middleware}, 
    year={2009}, 
    volume={}, 
    number={}, 
    pages={1024-1029},
    ISSN={}, 
    month={April}
}

@article{sharples13,
    volume = {3},
    number = {5},
    title = {Mobile learning: research, practice and challenges},
    author = {Mike Sharples},
    year = {2013},
    pages = {5--11},
    journal = {Distance Education in China}
}

@article{kinshuk03,
    title={Mobile technologies in support of distance learning},
    author={Kinshuk, Suhonen J and Sutinen, Erkki},
    journal = {Asian Journal of Distance Education},
    pages = {60--68},
    year={2003}
}

@article{wexler08,
    title={Mobile Learning: What it is, why it matters, and how to incorporate it into your learning strategy},
    author={Wexler, S and Brown, J and Metcalf, D and Rogers, D and Wagner, E},
    journal={Guild Research},
    year={2008}
}

@INPROCEEDINGS{falvojr14,
  author = {FalvoJr, V. and Duarte Filho, N. F. and OliveiraJr, E. and Barbosa,
	E. F.},
  title = {A Contribution to the Adoption of Software Product Lines in the Development of Mobile Learning Applications},
  booktitle = {Proceedings of the Frontiers in Education Conference (FIE)},
  year = {2014},
  address = {Madrid, ES}
}

@INPROCEEDINGS{falvojr14b,
  author = {FalvoJr, V. and Duarte Filho, N. F. and OliveiraJr, E. and Barbosa,
	E. F.},
  title = {Towards the Establishment of a Software Product Line for Mobile Learning Applications},
  booktitle = {Proceedings of the 26th International Conference on Software Engineering and Knowledge Engineering (SEKE)},
  year = {2014},
  pages = {678 - 683},
  address = {Vancouver, CA}
}

@article{oliveirajr10,
  title={Systematic management of variability in UML-based software product lines},
  author={OliveiraJr and Edson Alves and Gimenes and Itana Maria Souza and Maldonado, Jos{\'e} Carlos},
  journal={Journal of Universal Computer Science},
  volume={16},
  number={17},
  pages={2374--2393},
  year={2010}
}

@inproceedings{bosch01,
  title={Software product lines: organizational alternatives},
  author={Bosch, Jan},
  booktitle={Proceedings of the 23rd International Conference on Software Engineering (ICSE)},
  pages={91--100},
  year={2001},
  address = {Washington, DC, USA}
}

@INPROCEEDINGS{marcolino13,
	author = {Marcolino, A. S. and OliveiraJr, E. A. and Gimenes, I. M. S. and Maldonado, Jos\'{e} Carlos},
	title = {{Towards the Effectiveness of a Variability Management Approach at Use Case Level}},
	booktitle = {Proceedings of the 25th International Conference on Software Engineering and Knowledge Engineering (SEKE)},
	year = {2013},
	pages = {214-219},
	address={Boston, MA, US}
}

@ARTICLE{marcolino14a,
	author = {Marcolino, A. S. and OliveiraJr, E. A. and Gimenes, I. M. S. and Barbosa, E. F.},
	title = {Empirically Based Evolution of a Variability Management Approach at UML Class Level},
	journal = {38th Annual International Computers, Software \& Applications Conference},
	year = {2014},
	volume = {1},
	pages = {354-363}
}

@inproceedings{marcolino14b,
    author = {Marcolino, Anderson and Oliveira Jr, Edson and Gimenes, Itana},
    title = {Towards the Effectiveness of the SMarty Approach for Variability Management at Sequence Diagram Level},
    booktitle = {Proceedings of the 16th International Conference on Enterprise Information Systems - Volume 2},
    series = {ICEIS 2014},
    year = {2014},
    isbn = {978-989-758-028-4},
    location = {Lisbon, Portugal},
    pages = {249--256},
    numpages = {8},
    publisher = {SCITEPRESS - Science and Technology Publications, Lda}
}

@inproceedings{bera15,
    author = {Bera, Marcio H. G. and Oliveira Jr., Edson and Colanzi, Thelma E.},
    title = {Evidence-based SMarty Support for Variability Identification and Representation in Component Models},
    booktitle = {Proceedings of the 17th International Conference on Enterprise Information Systems - Volume 2},
    series = {ICEIS 2015},
    year = {2015},
    isbn = {978-989-758-097-0},
    location = {Barcelona, Spain},
    pages = {295--302},
    numpages = {8},
    publisher = {SCITEPRESS - Science and Technology Publications, Lda}
} 

@inproceedings{filho13,
	title={A requirements catalog for mobile learning environments},
	author={Duarte Filho, Nem{\'e}sio Freitas and Barbosa, Ellen Francine},
	booktitle={Proceedings of the 28th Annual ACM Symposium on Applied Computing (SAC)},
	pages={1266--1271},
	year={2013},
	address = {New York, NY, USA}
}

@book{clements2001,
  title={Software product lines: practices and patterns},
  author={Clements, Paul and Northrop, Linda},
  year={2002},
  publisher={Addison-Wesley}
}

@article{marcolinospl2017,
    author = {Marcolino, Anderson and OliveiraJr, Edson and M.S. Gimenes, Itana and Barbosa, Ellen},
    year = {2017},
    month = {08},
    pages = {307--319},
    title = {Variability Resolution and Product Configuration with SMarty: An Experimental Study on UML Class Diagrams},
    volume = {13},
    journal = {Journal of Computer Science}
}

@article{machado2014,
    title = "On strategies for testing software product lines: A systematic literature review",
    journal = "Information and Software Technology",
    volume = "56",
    number = "10",
    pages = "1183--1199",
    year = "2014",
    issn = "0950-5849",
    author = "Ivan do Carmo Machado and John D. McGregor and Yguaratã Cerqueira Cavalcanti and Eduardo Santana de Almeida"
}

@article{net2011,
    title = "A systematic mapping study of software product lines testing",
    journal = "Information and Software Technology",
    volume = "53",
    number = "5",
    pages = "407 - 423",
    year = "2011",
    note = "Special Section on Best Papers from XP2010",
    issn = "0950-5849",
    author = "Paulo Anselmo da Mota Silveira Neto and Ivan do Carmo Machado and John D. McGregor and Eduardo Santana de Almeida and Silvio Romero de Lemos Meira"
}

@inproceedings{krueger02,
	author = {Krueger, Charles W.},
	title = {Easing the Transition to Software Mass Customization},
	booktitle = {Proceedings of the 4th International Workshop on Software Product-Family Engineering},
	year = {2002},
	pages = {282--293},
	address = {London, UK},
}

@book{apel13,
  author = {Apel, Sven and Batory, Don S. and K{\"{a}}stner, Christian and Saake, Gunter},
  publisher = {Springer},
  title = {Feature-Oriented Software Product Lines -- Concepts and Implementation},
  year = 2013
}

@techreport{kang90,
  title={Feature-oriented domain analysis (FODA) feasibility study},
  author={Kang, Kyo C and Cohen, Sholom G and Hess, James A and Novak, William E and Peterson, A Spencer},
  year={1990},
  institution={Software Engineering Institute, Carnegie Mellon University}
}

@misc{chau17, 
    title={IDC: Smartphone OS Market Share}, url={https://www.idc.com/promo/smartphone-market-share/os}, 
    journal={IDC: The premier global market intelligence company}, author={Chau, Melissa and Reith, Ryan and Nagamine, Kathy}
}

@phdthesis{fielding00,
  title={Architectural styles and the design of network-based software architectures},
  author={Fielding, Roy Thomas},
  year={2000},
  school={University of California, Irvine, CA}
}

@inproceedings{marinho10,
	author={Marinho, F. G. and Costa, A. L. and Lima, F. F. P. and Neto, J. B. B. and Filho, J. B. F. and Rocha, L. and Dantas, V. L. L. and Andrade, R. M. C. and Teixeira, E. and Werner, C.},
	title={An architecture proposal for nested software product lines in the domain of mobile and context-aware applications},
	booktitle={Proceedings of the 4th Brazilian Symposium on Software Components, Architectures and Reuse (SBCARS)},
	year={2010},
	pages={51--60},
	address={Salvador, BA, BR},
	source={IEEE}
}

@inproceedings{nascimento11,
  title={An SPL approach for adaptive fault tolerance in SOA},
  author={Nascimento, Amanda S{\'a}vio and Rubira, Cec{\'\i}lia Mary Fischer and Lee, Jaejoon},
  booktitle={Proceedings of the 15th International Software Product Line Conference},
  pages={15},
  address={Munich, DE},
  year={2011}
}

@INPROCEEDINGS{jedlitschka07, 
    author={A. Jedlitschka and D. Pfahl}, 
    booktitle={International Symposium on Empirical Software Engineering},
    title={Reporting guidelines for controlled experiments in software engineering}, 
    year={2005}, 
    volume={}, 
    number={}
}

@book{wohlin12,
  title={Experimentation in Software Engineering},
  author={Wohlin, C. and Runeson, P. and H{\"o}st, M. and Ohlsson, M.C. and Regnell, B. and Wessl{\'e}n, A.},
  year={2012},
  publisher={Springer Science \& Business Media}
}

@book{juristo10,
  title={Basics of software engineering experimentation},
  author={Juristo, Natalia and Moreno, Ana M},
  year={2013},
  publisher={Springer Science \& Business Media}
}

@book{craig02,
  title={Systematic software testing},
  author={Craig, Rick D and Jaskiel, Stefan P},
  year={2002},
  publisher={Artech House}
}

@Article{falessi2017,
    author="Falessi, Davide
    and Juristo, Natalia
    and Wohlin, Claes
    and Turhan, Burak
    and M{\"u}nch, J{\"u}rgen
    and Jedlitschka, Andreas
    and Oivo, Markku",
    title="Empirical software engineering experts on the use of students and professionals in experiments",
    journal="Empirical Software Engineering",
    year="2018",
    month="Feb",
    day="01",
    volume="23",
    number="1",
    pages="452--489"
}

@Article{host2000,
    author="H{\"o}st, Martin
    and Regnell, Bj{\"o}rn
    and Wohlin, Claes",
    title="Using Students as Subjects---A Comparative Study of Students and Professionals in Lead-Time Impact Assessment",
    journal="Empirical Software Engineering",
    year="2000",
    month="Nov",
    day="01",
    volume="5",
    number="3",
    pages="201--214"
}

@ARTICLE{shaphirowilk65,
	author = {Shapiro, S. S. and Wilk, M. B.},
	title = {{An Analysis of Variance Test for Normality (Complete Samples)}},
	journal = {Biometrika},
	year = {1965},
	volume = {52},
	pages = {591--611}
}

@inproceedings{neto13,
    author = {Neto, Amadeu Anderlin and Conte, Tayana},
    title = {A Conceptual Model to Address Threats to Validity in Controlled Experiments},
    booktitle = {Proceedings of the 17th International Conference on Evaluation and Assessment in Software Engineering},
    series = {EASE '13},
    year = {2013},
    isbn = {978-1-4503-1848-8},
    location = {Porto de Galinhas, Brazil},
    pages = {82--85},
    numpages = {4},
    publisher = {ACM},
    address = {New York, NY, USA}
} 

@article{engstrom11,
    title = "Software product line testing – A systematic mapping study",
    journal = "Information and Software Technology",
    volume = "53",
    number = "1",
    pages = "2--13",
    year = "2011",
    author = "Emelie Engström and Per Runeson"
}

@article{gamez14,
    title={Creating self-adapting mobile systems with dynamic software product lines},
    author={Gamez, Nadia and Fuentes, Lidia and Troya, Jos{\'e} M},
    journal={IEEE Software},
    volume={32},
    number={2},
    pages={105--112},
    year={2015},
    publisher={IEEE}
}

@inproceedings{jaring02,
    title={Representing variability in software product lines: A case study},
    author={Jaring, Michel and Bosch, Jan},
    booktitle={International Conference on Software Product Lines},
    pages={15--36},
    year={2002},
    organization={Springer}
}

@InProceedings{hubaux10,
    author="Hubaux, Arnaud
    and Boucher, Quentin
    and Hartmann, Herman
    and Michel, Rapha{\"e}l
    and Heymans, Patrick",
    editor="Malloy, Brian
    and Staab, Steffen
    and van den Brand, Mark",
    title="Evaluating a Textual Feature Modelling Language: Four Industrial Case Studies",
    booktitle="Software Language Engineering",
    year="2011",
    publisher="Springer Berlin Heidelberg",
    address="Berlin, Heidelberg",
    pages="337--356"
}

@article{eriksson09,
    title = "Managing requirements specifications for product lines – An approach and industry case study",
    journal = "Journal of Systems and Software",
    volume = "82",
    number = "3",
    pages = "435 - 447",
    year = "2009",
    author = "Magnus Eriksson and Jürgen Börstler and Kjell Borg"
}

@article{ardis00,
    author = {Mark Ardis and Nigel Daley and Daniel Hoffman and Harvey Siy and David Weiss},
    title = {Software product lines: a case study},
    journal = {Software: Practice and Experience},
    year={2000},
    volume = {30},
    number = {7},
    pages = {825-847}
}

@article{gacek01,
    title={Successful software product line development in a small organization},
    author={Gacek, Cristina and Knauber, Peter and Schmid, Klaus and Clements, Paul},
    journal = {IESE-Report No. 013.01/E},
    year={2001}
}

@article{batory02,
    author = {Batory, Don and Johnson, Clay and MacDonald, Bob and von Heeder, Dale},
    title = {Achieving Extensibility Through Product-lines and Domain-specific Languages: A Case Study},
    journal = {ACM Trans. Softw. Eng. Methodol.},
    issue_date = {April 2002},
    volume = {11},
    number = {2},
    month = apr,
    year = {2002},
    issn = {1049-331X},
    pages = {191--214},
    numpages = {24},
    publisher = {ACM},
    address = {New York, NY, USA}
} 